@article{AR2020,
  author  = {Ab{\l}amowicz, R.},
  title   = {The Moore–Penrose inverse and singular value decomposition of split quaternions},
  journal = {Adv. Appl. Clifford Algebras},
  volume  = {33},
  number  = {30},
  pages   = {1--20},
  year    = {2020}
}

@article{Yasemin2012,
  author  = {Alag\"oz, Y. and Oral, K. and Y\"uce, S.},
  title   = {Split quaternion matrices},
  journal = {Miskolc Math. Notes},
  volume  = {13},
  number  = {2},
  pages   = {223--232},
  year    = {2012}
}

@article{Cockle1849,
  author  = {Cockle, J.},
  title   = {LII. On systems of algebra involving more than one imaginary; and on equations of the fifth degree},
  journal = {Phil. Mag.},
  volume  = {35},
  number  = {238},
  pages   = {434--437},
  year    = {1849}
}

@article{Gog2022,
  author  = {Gogberashvili, M.},
  title   = {(2+1)-Maxwell equations in split quaternions},
  journal = {Phys.},
  volume  = {4},
  number  = {1},
  pages   = {329--363},
  year    = {2022}
}

@article{Hasebe2010,
  author  = {Hasebe, K.},
  title   = {Split quaternionic hopf map, quantum hall effect, and twistor theory},
  journal = {Phys. Rev. D},
  volume  = {81},
  number  = {4},
  pages   = {041702},
  year    = {2010}
}

@article{TJiang2015,
  author  = {Jiang, T. and Jiang, Z. and Zhang, Z.},
  title   = {Algebraic techniques for diagonalization of a split quaternion matrix in split quaternion mechanics},
  journal = {J. Math. Phys.},
  volume  = {56},
  number  = {8},
  pages   = {083509},
  year    = {2015}
}

@article{Jiang2018,
  author  = {Jiang, T. and Zhang, Z. and Jiang, Z.},
  title   = {Algebraic techniques for eigenvalues and eigenvectors of a split quaternion matrix in split quaternionic mechanics},
  journal = {Comput. Phys. Comm.},
  volume  = {229},
  pages   = {1--7},
  year    = {2018}
}

@article{TJiang2018,
  author  = {Jiang, T. and Zhang, Z. and Jiang, Z.},
  title   = {Algebraic techniques for Schrödinger equations in split quaternionic mechanics},
  journal = {Comput. Math. Appl.},
  volume  = {75},
  number  = {7},
  pages   = {2217--2222},
  year    = {2018}
}

@phdthesis{Le2022,
  author = {Legrand, E.},
  title  = {The geometry of dissipative mechanical systems: Using Jacobi manifolds and the split quaternion algebra},
  school = {TU Delft},
  year   = {2022}
}

@article{Zhuo2020,
  author  = {Liu, X. and He, Z.},
  title   = {On the split quaternion matrix equation $AX= B$},
  journal = {Banach J. Math. Anal.},
  volume  = {14},
  number  = {1},
  pages   = {228--248},
  year    = {2020}
}

@article{Yang2020,
  author  = {Liu, X. and Zhang, Y.},
  title   = {Least squares \(X = {X^{\eta}}^* \) solutions to split quaternion matrix equation \(AX{A^{\eta}}^*= B\)},
  journal = {Math. Meth. Appl. Sci.},
  volume  = {43},
  number  = {5},
  pages   = {2189--2201},
  year    = {2020}
}

@article{Z2022,
  author  = {{\"O}zdemir, Z.},
  title   = {A kinematic model of the Rytov’s law in the optical fiber via split quaternions: application to electromagnetic theory},
  journal = {Euro. Phys. J. Plus},
  volume  = {137},
  number  = {6},
  pages   = {1--13},
  year    = {2022}
}

@article{mma2023,
  author  = {{\"O}zt{\"u}rk, {\"I}. and {\"O}zdemir, M.},
  title   = {On geometric interpretations of split quaternions},
  journal = {Math. Meth. Appl. Sci.},
  volume  = {46},
  number  = {1},
  pages   = {408--422},
  year    = {2023}
}

@article{wang2024,
  author  = {Si, K.W. and Wang, Q.W. and Xie, L.M.},
  title   = {A classical system of matrix equations over the split quaternion algebra},
  journal = {Adv. Appl. Clifford Algebras},
  volume  = {34},
  number  = {5},
  pages   = {51},
  year    = {2024}
}

@article{Wang2023,
  author  = {Wang, G. and Jiang, T. and Vasil’ev, V.I. and Guo, Z.},
  title   = {An efficient method for Maxwell’s equations with a discrete double-curl operator in split quaternionic electromagnetics},
  journal = {Eur. Phys. J. Plus},
  volume  = {341},
  number  = {138},
  pages   = {1--6},
  year    = {2023}
}

@article{Wang2021,
  author  = {Wang, G. and Jiang, T. and Guo, Z. and Zhang, D.},
  title   = {A complex structure-preserving algorithm for split quaternion matrix LDU decomposition in split quaternion mechanics},
  journal = {Calcolo},
  volume  = {58},
  number  = {34},
  pages   = {1--15},
  year    = {2021}
}

@article{Gang2024,
  author  = {Wang, G. and Jiang, T. and Vasil’ev, V. and Guo, Z.},
  title   = {On singular value decomposition for split quaternion matrices and applications in split quaternionic mechanics},
  journal = {J. Comput. Appl. Math.},
  volume  = {436},
  pages   = {115447},
  year    = {2024}
}

@article{yuan2017,
  author  = {Yuan, S.F. and Wang, Q.W. and Yu, Y.},
  title   = {On Hermitian solutions of the split quaternion matrix equation $AXB+CXD=E$},
  journal = {Adv. Appl. Clifford Algebras},
  volume  = {27},
  pages   = {3235--3252},
  year    = {2017}
}

@article{Zhang2015,
  author  = {Zhang, Z. and Jiang, Z. and Jiang, T.},
  title   = {Algebraic methods for least squares problem in split quaternionic mechanics},
  journal = {Appl. Math. Comput.},
  volume  = {269},
  pages   = {618--625},
  year    = {2015}
}